<?xml version="1.0" encoding="UTF-8"?><collection xmlns="http://www.loc.gov/MARC21/slim"><record><leader>00409nam--2200133-i-4500</leader><controlfield tag="001">000013223</controlfield><controlfield tag="002">20161230</controlfield><controlfield tag="005">20161230201030</controlfield><controlfield tag="008">060222s1000------------r-----000-0-eng-d</controlfield><datafield ind1=" " ind2=" " tag="245"><subfield code="a">Crystal growt. a tutorial approach proceedings</subfield></datafield><datafield ind1=" " ind2=" " tag="260"><subfield code="a">Amsterdam, North-holland Publ.Co.,1979</subfield></datafield><datafield ind1=" " ind2=" " tag="490"><subfield code="a">North-holland Series In Crystal Growth</subfield></datafield><datafield ind1=" " ind2=" " tag="700"><subfield code="a">Bardsley, W./S.A.</subfield></datafield><datafield ind1=" " ind2=" " tag="852"><subfield code="a">538.911:532.785:548.5:536.425(061.3)</subfield></datafield></record></collection>